@Book{Goldstein_3ed,
  author    = {Goldstein, Herbert and Poole, Charles and Safko, John},
  publisher = {Addison Wesley},
  title     = {Classical Mechanics},
}

@Book{Hauser,
  author    = {Hauser, Walter},
  publisher = {UTEHA},
  title     = {Introducción a los principios de la mecánica},
}

@Book{Landau_Mecanica,
  author    = {Landau, L. D. ; Lifshitz, E. M.},
  publisher = {Editorial Reverté},
  title     = {Mecánica},
  series    = {Curso de Física Teórica},
}

@Book{Marion_Mec,
  author    = {Thornton, Stephen T. and Marion, Jerry B.},
  publisher = {Thompson},
  title     = {Classical dynamics of particles and systems},
}

@Book{Romano_2018,
  author    = {Romano, Antonio and Marasco, Addolorata},
  publisher = {Birkhäuser},
  title     = {Classical Mechanics With Mathematica},
  year      = {2018},
}

@Book{Knauf,
  author    = {Knauf, Andreas},
  publisher = {Spriger},
  title     = {Mathematical Physics: Classical Mechanics},
  year      = {2017},
}

@Book{Arnold,
  author    = {Arnold, V. I.},
  publisher = {Springer-Verlag},
  title     = {Mathematical Methods of Classical Mechanics},
}

@Book{Deriglazov,
  author    = {Deriglazov, Alexei},
  publisher = {Springer},
  title     = {Classical Mechanics: Hamiltonian and Lagrangian Formalism},
  year      = {2017},
}

@Book{Greiner_Mecanica,
  author    = {Greiner, Walter},
  publisher = {Springer},
  title     = {Classical Mechanics. Systems of particles and Hamiltornian Dynamics},
  year      = {2003},
}

@Book{Heliwell,
  author    = {Helliwell, T. M. and Sahakian, V. V.},
  publisher = {Cambridge University Press},
  title     = {Modern Classical Mechanics},
  year      = {2021},
}

@Book{Hassani,
  author    = {Hassani, Sadri},
  publisher = {Springer},
  title     = {Mathematical Methods Using Mathematica},
  year      = {2003},
}

@Book{McCall,
  author    = {McCall, Martin W.},
  publisher = {Wiley},
  title     = {Classical Mechanics. From Newton to Eistein: A Modern Introduction},
  year      = {2010},
}

@Book{Mullen,
  author    = {Müllen-Kirsten, Harald J. W.},
  publisher = {World Scientific},
  title     = {Classical Mechanics and Relativity},
  year      = {2024},
}

@Book{Nolting,
  author    = {Nolting, Wolfgang},
  publisher = {Springer},
  title     = {Theoretical Physics 1. Classical Mechanics},
  year      = {2016},
}

@Book{Malthe,
  author    = {Malthe-Sorenssen, Anders},
  publisher = {Springer},
  title     = {Elementary Mechanics Using Matlab},
  year      = {2015},
}

@Book{Demtroder,
  author    = {Demtröder, Wolfgang},
  publisher = {Springer},
  title     = {Mechanics And Thermodynamics},
  year      = {2017},
}

@Book{Barger,
  author    = {Barger, V. D. and Olsson M. G.},
  publisher = {McGraw-Hill},
  title     = {Classical Mechanics: A Modern Perspective},
  year      = {1995},
}

@Book{Rañada,
  author    = {Rañada y Méndez Luarca, A.},
  publisher = {Alianza Editorial},
  title     = {Dinámica clásica},
  year      = {1990},
}

@Book{Symon,
  author    = {Symon, K. R.},
  publisher = {Addison-Wesley},
  title     = {Mechanics},
  year      = {1973},
}

@Book{Fowles,
  author    = {Fowles, Grant R. and Cassiday, George L.},
  publisher = {Thompson},
  title     = {Analytical Mechanics},
  year      = {2004},
}

@Book{Lichtenberg_Dynamics,
  author    = {Lichtenberg, A. J. and Lieberman, M. A.},
  publisher = {Springer-Verlag},
  title     = {Regular And Chaotic Dynamics},
  year      = {1992},
}

@Book{Sommerfeld,
  author    = {Sommerfeld, Arnold},
  publisher = {Academic Press},
  title     = {Mechanics},
  year      = {1952},
}

@Book{Hahn_Basis,
  author    = {Hahn, Hubert},
  publisher = {Springer},
  title     = {Rigid Body Dynamics of Mechanisms. 1 Theoretical Basis},
  year      = {2002},
}

@Comment{jabref-meta: databaseType:bibtex;}
